% This file was created with JabRef 2.10.
% Encoding: Cp1252


@Electronic{Konstanten,
  Title                    = {CODATA Recommended Values of the Fundamental Physical Constants},
  Month                    = {November},
  Url                      = {http://physics.nist.gov/cuu/Constants/index.html},
  Year                     = {2015},

  Owner                    = {Matze},
  Timestamp                = {2015.11.05}
}

@Misc{skript,
  Title                    = "TU Dortmund - Fachbereich Physik: Versuche des Fortgeschrittenenpraktikums für Studierende mit Abschluß Bachelor of Science. Anleitung zu Versuch V21",
  HowPublished             = "http://129.217.224.2/HOMEPAGE/PHYSIKER/BACHELOR/FP/SKRIPT/V47.pdf",
  Month                    = "April",
  Year                     = "2017",

  Owner                    = "Matze",
  Timestamp                = "2015.11.05",
}

@book{3527261699,
  Author = {N.N. Greenwood},
  Title = {Chemie Der Elemente},
  Publisher = {Wiley-VCH Verlag GmbH},
  Year = {1990},
  ISBN = {3527261699},
}

@Misc{komp,
  Title                    = "Das Periodensystem der Elemente online",
  Url                      = "http://www.periodensystem-online.de/index.php?show=list&id=modify&prop=Kompressionsmodul&sel=oz&el=68",
  Month                    = "April",
  Year                     = "2017",

  Owner                    = "Matze",
  Timestamp                = "2015.11.05",
}

@Misc{fuck,
  Title                    = "Das interaktive Periodensystem der Elemente",
  Url                      = "http://www.periodensystem.info/elemente/rubidium/",
  Month                    = "Mai",
  Year                     = "2017",

  Owner                    = "Matze",
  Timestamp                = "2015.11.05",
}
