% This file was created with JabRef 2.10.
% Encoding: Cp1252


@Electronic{Konstanten,
  Title                    = {CODATA Recommended Values of the Fundamental Physical Constants},
  Month                    = {November},
  Url                      = {http://physics.nist.gov/cuu/Constants/index.html},
  Year                     = {2015},

  Owner                    = {Matze},
  Timestamp                = {2015.11.05}
}

@Misc{skript,
  Title                    = "TU Dortmund - Fachbereich Physik : Fortgeschrittenenpraktikum Anleitung zu Versuch Nr. 53",
  Url                      = "http://129.217.224.2/HOMEPAGE/PHYSIKER/BACHELOR/FP/SKRIPT/AnlMikrowelle.pdf",
  Month                    = "Juni",
  Year                     = "2017",

  Owner                    = "Matze",
  Timestamp                = "2017.06.26",
}
